@article{Gunn_2016,
  doi = "10.1088/1742-6596/749/1/012003",
  url = "https://dx.doi.org/10.1088/1742-6596/749/1/012003",
  year = "2016",
  publisher = "IOP Publishing",
  volume = "749",
  author = "K. Gunn and C. Stock-Williams and M. Burke and R. Willden and C. Vogel and W Hunter and T. Stallard and N. Robinson and S. R. Schmidt",
  title = "Limitations to the validity of single wake superposition in wind farm yield assessment",
  journal = "Journal of Physics: Conference Series",
}

@article{NAVARRODIAZ2021121642,
  title = "Full wind rose wind farm simulation including wake and terrain effects for energy yield assessment",
  journal = "Energy",
  volume = "237",
  pages = "121642",
  year = "2021",
  issn = "0360-5442",
  doi = "https://doi.org/10.1016/j.energy.2021.121642",
  url = "https://www.sciencedirect.com/science/article/pii/S0360544221018909",
  author = "Gonzalo P. Navarro Diaz and A. Celeste Saulo and Alejandro D. Otero",
  keywords = "Wind farm, Capacity factor, Terrain effect, Wake effect, Actuator disc model",
}

@Article{wes-8-363-2023,
  AUTHOR = "Navarro Diaz, G. P. and Otero, A. D. and Asmuth, H. and Sorensen, J. N. and Ivanell, S.",
  TITLE = "Actuator line model using simplified force calculation methods",
  JOURNAL = "Wind Energy Science",
  VOLUME = "8",
  YEAR = "2023",
  NUMBER = "3",
  PAGES = "363--382",
  URL = "https://wes.copernicus.org/articles/8/363/2023/",
  DOI = "10.5194/wes-8-363-2023"
}

@Thesis{NavarroThesis,
  author = "Navarro Diaz, G. P.",
  title = "Simulación del efecto de la interacción de turbinas eólicas con su `entorno",
  type = phdthesis,
  institution = "Universidad de Buenos Aires. Facultad de Ciencias Exactas y Naturales",
  year = "2019"
}

@Thesis{LazzariThesis,
  author = "Lazzari, F.",
  title = "Simulación computacional de estelas en parques eólicos",
  type = bathesis,
  institution = "Universidad de Buenos Aires. Facultad de Ciencias Exactas y Naturales",
  year = "2018"
}

@Thesis{SpiritoThesis,
  author = "Spirito, F.",
  title = "Simulación computacional de estelas y su interacción con el terreno en parques eólicos mediante modelos reducidos de estelas",
  type = mathesis,
  institution = "Universidad de Buenos Aires. Facultad de Ingeniería",
  year = "2023"
}
